@article{Dillon:2023zac,
    author = "Dillon, Barry M. and Favaro, Luigi and Feiden, Friedrich and Modak, Tanmoy and Plehn, Tilman",
    title = "{Anomalies, Representations, and Self-Supervision}",
    eprint = "2301.04660",
    archivePrefix = "arXiv",
    primaryClass = "hep-ph",
    month = "1",
    year = "2023"
}

